<collection xmlns="http://www.loc.gov/MARC21/slim">
<record>
  <leader>01028nam0a22002171i 450 </leader>
  <controlfield tag="001">IT\ICCU\CNCE\075193</controlfield>
  <controlfield tag="005">20100413000000.0</controlfield>
  <datafield tag="012" ind1=" " ind2=" ">
    <subfield code="a">r.m, ioeu n.r. exe- (C) 1564 (Q)</subfield>
    <subfield code="2">fei</subfield>
  </datafield>
  <datafield tag="100" ind1=" " ind2=" ">
    <subfield code="a">20100412f1564        0itac0103    ba</subfield>
  </datafield>
  <datafield tag="101" ind1=" " ind2=" ">
    <subfield code="a">LAT</subfield>
  </datafield>
  <datafield tag="102" ind1=" " ind2=" ">
    <subfield code="a">IT</subfield>
  </datafield>
  <datafield tag="200" ind1="1" ind2=" ">
    <subfield code="a">Decreta reuerendissimorum in Christo patrum dominorum summ. pont. sanctaeque Sedis apostolicae in toto sereniss. d. legati &amp; executorum literarum apostolicarum in forma breuis super refformatione taxe beneficiorum ecclesiasticorum in dicto dominio consisten. occasione solutionis onerum per eandem Sedem apostolicam pro tempore imponendorum expeditarum. Anno Domini MDLXIIII</subfield>
  </datafield>
  <datafield tag="210" ind1=" " ind2=" ">
    <subfield code="d">\1564!</subfield>
  </datafield>
  <datafield tag="215" ind1=" " ind2=" ">
    <subfield code="a">\2! c.</subfield>
    <subfield code="d">4ʻ</subfield>
  </datafield>
  <datafield tag="710" ind1="0" ind2="2">
    <subfield code="a">Santa Sede</subfield>
    <subfield code="3">6940</subfield>
  </datafield>
  <datafield tag="712" ind1="0" ind2="2">
    <subfield code="a">s.n.</subfield>
    <subfield code="3">IT\ICCU\CNCT\000002</subfield>
    <subfield code="4">650</subfield>
  </datafield>
  <datafield tag="791" ind1="0" ind2="2">
    <subfield code="a">Santa Sede Apostolica</subfield>
    <subfield code="3">25197</subfield>
    <subfield code="z">Santa Sede</subfield>
  </datafield>
  <datafield tag="791" ind1="0" ind2="2">
    <subfield code="a">Sedes Apostolica</subfield>
    <subfield code="3">25198</subfield>
    <subfield code="z">Santa Sede</subfield>
  </datafield>
  <datafield tag="791" ind1="0" ind2="2">
    <subfield code="a">Sede Romana</subfield>
    <subfield code="3">25199</subfield>
    <subfield code="z">Santa Sede</subfield>
  </datafield>
  <datafield tag="801" ind1=" " ind2="3">
    <subfield code="a">IT</subfield>
    <subfield code="b">ICCU</subfield>
    <subfield code="c">20201115</subfield>
  </datafield>
  <datafield tag="899" ind1=" " ind2=" ">
    <subfield code="a">Biblioteca Apostolica Vaticana. Citt ̉del Vaticano</subfield>
    <subfield code="1">EX0001</subfield>
    <subfield code="2">ZCV 01</subfield>
  </datafield>
</record>
</collection>
